<?xml version="1.0" encoding="UTF-8"?><record xmlns="http://www.loc.gov/MARC21/slim" xmlns:cinclude="http://apache.org/cocoon/include/1.0" xmlns:zs="http://www.loc.gov/zing/srw/">
  <leader>00701cz  a2200157n  4500</leader>
  <controlfield tag="001">nr 91004369 </controlfield>
  <controlfield tag="003">DLC</controlfield>
  <controlfield tag="005">19930614062110.0</controlfield>
  <controlfield tag="008">910207n| acannaab|          |a aaa     c</controlfield>
  <datafield tag="010" ind1=" " ind2=" ">
    <subfield code="a">nr 91004369 </subfield>
  </datafield>
  <datafield tag="040" ind1=" " ind2=" ">
    <subfield code="a">MWA</subfield>
    <subfield code="c">MWA</subfield>
    <subfield code="d">MWA</subfield>
  </datafield>
  <datafield tag="100" ind1="1" ind2="0">
    <subfield code="a">Brown, Christian,</subfield>
    <subfield code="d">1780?-1840</subfield>
  </datafield>
  <datafield tag="400" ind1="1" ind2="0">
    <subfield code="a">Brown, C.</subfield>
    <subfield code="q">(Christian),</subfield>
    <subfield code="d">1780?-1840</subfield>
  </datafield>
  <datafield tag="670" ind1=" " ind2=" ">
    <subfield code="a">American Academy of the Fine Arts. The attention of the public is respectfully solicited, 1830:</subfield>
    <subfield code="b">t.p. (Christian Brown; New York printer)</subfield>
  </datafield>
  <datafield tag="670" ind1=" " ind2=" ">
    <subfield code="a">New England primer. The New-England primer, 1828:</subfield>
    <subfield code="b">t.p. (C. Brown; New York printer, bookseller, and publisher)</subfield>
  </datafield>
  <datafield tag="670" ind1=" " ind2=" ">
    <subfield code="a">MWA/NAIP files</subfield>
    <subfield code="b">(hdg.: Brown, Christian, 1780?-1840; note: New York City bookbinder and printer)</subfield>
  </datafield>
</record>